% Encoding: UTF-8

@article{HinzH1:2009,
  author     = {Hinz, Heinz and Kunz, Kurt},
  journal    = {Latex Monthly},
  number     = {1},
  pages      = {27--39},
  shorttitle = {{\LaTeX} zitieren},
  title      = {Wie zitiere ich in Latex},
  volume     = {3},
  year       = {2009}
}

@article{KunzK1:2010,
  author     = {Kunz, Kurt and Hinz, Heinz},
  journal    = {Latex Monthly},
  number     = {2},
  pages      = {1--19},
  shorttitle = {{\LaTeX} zitieren II},
  title      = {Wie zitiere ich in Latex -- Teil II},
  volume     = {4},
  year       = {2010}
}

@Comment{jabref-meta: databaseType:biblatex;}
